<?xml version="1.0" encoding="UTF-8"?><collection xmlns="http://www.loc.gov/MARC21/slim"><record><leader>00430nam--2200169-i-4500</leader><controlfield tag="001">000022469</controlfield><controlfield tag="002">20161230</controlfield><controlfield tag="005">20161230201034</controlfield><controlfield tag="008">060222s1000------------r-----000-0-eng-d</controlfield><datafield ind1=" " ind2=" " tag="040"><subfield code="a">IFIN-HH</subfield></datafield><datafield ind1=" " ind2=" " tag="080"><subfield code="a">531.19</subfield></datafield><datafield ind1="1" ind2=" " tag="100"><subfield code="a">Huang, Kerson</subfield></datafield><datafield ind1="1" ind2="0" tag="245"><subfield code="a">Statistical mechanics</subfield><subfield code="c">Kerson huang</subfield></datafield><datafield ind1=" " ind2=" " tag="260"><subfield code="a">New York</subfield><subfield code="b">John Wiley &amp; Sons, Inc</subfield><subfield code="c">1963</subfield></datafield><datafield ind1=" " ind2=" " tag="300"><subfield code="a">XIII + 470P</subfield></datafield><datafield ind1=" " ind2=" " tag="852"><subfield code="a">22061</subfield><subfield code="c">530.161</subfield></datafield><datafield ind1=" " ind2=" " tag="CAT"><subfield code="a">Sys</subfield><subfield code="c">20160114</subfield><subfield code="h">152234</subfield></datafield></record></collection>